% This file was created with JabRef 2.10.
% Encoding: UTF8


@Article{Barndorff-Nielsen1991,
  Title                    = {Some parametric models on the {S}implex},
  Author                   = {O.E. Barndorff-Nielsen and B. J{\o}rgensen},
  Journal                  = {Journal of Multivariate Analysis},
  Year                     = {1991},
  Number                   = {1},
  Pages                    = {106--116},
  Volume                   = {39},

  Doi                      = {http://dx.doi.org/10.1016/0047-259X(91)90008-P},
  ISSN                     = {0047-259X}
}

@Article{Bates2015,
  Title                    = {Fitting Linear Mixed-Effects Models Using {lme4}},
  Author                   = {Douglas Bates and Martin M{\"a}chler and Ben Bolker and Steve Walker},
  Journal                  = {Journal of Statistical Software},
  Year                     = {2015},
  Number                   = {1},
  Pages                    = {1--48},
  Volume                   = {67},

  Doi                      = {10.18637/jss.v067.i01}
}

@Book{Bates2010,
  Title                    = {{lme4}: Mixed-effects modeling with {R}},
  Author                   = {Bates, D. M.},
  Editor                   = {New York},
  Publisher                = {Springer},
  Year                     = {2010},

  Owner                    = {User},
  Timestamp                = {2017.07.28},
  Url                      = {http://lme4.r-forge.r-project.org/book/}
}

@Book{Belsley2005,
  Title                    = {Regression diagnostics: Identifying influential data and sources of collinearity},
  Author                   = {Belsley, David A and Kuh, Edwin and Welsch, Roy E},
  Publisher                = {John Wiley \& Sons},
  Year                     = {2005},
  Volume                   = {571}
}

@Article{Bonat2013,
  Title                    = {Regression models for responses in the unit interval: specication, estimation and comparison.},
  Author                   = {Bonat, W. H. and RIBEIRO JR, P. J. and Zeviani, W. M.},
  Journal                  = {Rev. Bras. Biom. (S{\~a}o Paulo)},
  Year                     = {2013},
  Number                   = {1},
  Pages                    = {1--10},
  Volume                   = {20}
}

@Article{Cook1979,
  Title                    = {Influential observations in linear regression},
  Author                   = {Cook, R Dennis},
  Journal                  = {Journal of the American Statistical Association},
  Year                     = {1979},
  Number                   = {365},
  Pages                    = {169--174},
  Volume                   = {74},

  Publisher                = {Taylor \& Francis}
}

@Book{Cook1982,
  Title                    = {Residuals and influence in regression},
  Author                   = {Cook, R. D. and Weisberg, S.},
  Editor                   = {New York},
  Publisher                = {Chapman and Hall},
  Year                     = {1982},

  Owner                    = {User},
  Timestamp                = {2017.07.30}
}

@Book{Demidenko2013,
  Title                    = {Mixed Models Theory and Applications with R},
  Author                   = {Demidenko, E.},
  Editor                   = {New York},
  Publisher                = {John Wiley \& Sons, Inc.},
  Year                     = {2013},

  Owner                    = {User},
  Timestamp                = {2017.07.30}
}

@Book{Diggle2002,
  Title                    = {Analysis of Longitudinal Data},
  Author                   = {Diggle, P. J. and Heagerty, P. J. and Liang, K. and Zeger. S. L.},
  Editor                   = {New York},
  Publisher                = {Oxford University Press},
  Year                     = {2002},

  Owner                    = {User},
  Timestamp                = {2017.07.30}
}

@Book{Dobson2002,
  Title                    = {An Introduction to Generalized Linear Models},
  Author                   = {Dobson, A. J.},
  Publisher                = {Chapman \& Hall/CRC},
  Year                     = {2002},
  Edition                  = {Second}
}

@Article{Ferrari2004,
  Title                    = {Beta Regression for Modelling Rates and Proportions},
  Author                   = {Ferrari, Silvia and Cribari-Neto, Francisco},
  Journal                  = {Journal of Applied Statistics},
  Year                     = {2004},
  Number                   = {7},
  Pages                    = {799--815},
  Volume                   = {31},

  Doi                      = {10.1080/0266476042000214501}
}

@TechReport{Furriel2017,
  Title                    = {Determinantes do voto à presidência: análise espacial das eleições gerais no Brasil no período de 1994 a 2014},
  Author                   = {Furriel, O. W.},
  Institution              = {Universidade Estadual de Maringá},
  Year                     = {2017},
  Note                     = {PIC -- Universidade Estadual de Maringá},

  Owner                    = {User},
  Timestamp                = {2017.07.11}
}

@Article{Gumedze2011,
  Title                    = {Parameter estimation and inference in the linear mixed model},
  Author                   = {Gumedze, F.N. and Dunne, T.T.},
  Journal                  = {Linear Algebra and its Applications},
  Year                     = {2011},
  Number                   = {8},
  Pages                    = {1920 -- 1944},
  Volume                   = {435},

  Doi                      = {http://dx.doi.org/10.1016/j.laa.2011.04.015},
  ISSN                     = {0024-3795},
  Keywords                 = {Average information algorithm},
  Url                      = {http://www.sciencedirect.com/science/article/pii/S002437951100320X}
}

@Book{Henderson1984,
  Title                    = {Applications of Linear Models in Animal Breeding},
  Author                   = {Henderson, C. R.},
  Publisher                = {University of Guelph},
  Year                     = {1984},

  Owner                    = {User},
  Timestamp                = {2017.08.03}
}

@Book{Hosmer2013,
  Title                    = {Applied Logistic Regression},
  Author                   = {Hosmer, D. W. and Lemeshow, S. and Sturdivant, R. X.},
  Editor                   = {New Jersey},
  Publisher                = {John Wiley \& Sons, Inc},
  Year                     = {2013},
  Edition                  = {Third},

  Owner                    = {andrefelipe},
  Timestamp                = {2017.06.17}
}

@Book{sas2014base,
  Title                    = {Base SAS 9.4 Procedures Guide},
  Author                   = {SAS Institute},
  Publisher                = {SAS Institute},
  Year                     = {2014},

  Owner                    = {User},
  Timestamp                = {2017.01.27}
}

@Book{Jorgensen1997,
  Title                    = {The Theory of Dispersion Models},
  Author                   = {J{\o}rgensen, B.},
  Editor                   = {London},
  Publisher                = {Chapman \& Hall/CRC},
  Year                     = {1997}
}

@Misc{Junior2016,
  Title                    = {Extens{\~o}es e Aplica{\c c}{\~o}es do Modelo de Regress{\~a}o {C}onway-{M}axwell-{P}oisson para Modelagem de Dados de Contagem},

  Author                   = {Junior, E. E. R.},
  Note                     = {TCC, Universidade Federal do Paran{\'a}},
  Year                     = {2016}
}

@Article{Kalktawi2015,
  Title                    = {A simple and adaptive dispersion regression model for count data},
  Author                   = {Kalktawi, Hadeel S and Vinciotti, Veronica and Yu, Keming},
  Journal                  = {arXiv preprint arXiv:1511.00634},
  Year                     = {2015}
}

@Article{Kieschnick2003,
  Title                    = {Regression analysis of variates observed on (0, 1): percentages, proportions and fractions},
  Author                   = {Kieschnick, Robert and McCullough, B. D.},
  Journal                  = {Statistical Modelling},
  Year                     = {2003},
  Number                   = {3},
  Pages                    = {193--213},
  Volume                   = {3},

  Doi                      = {10.1191/1471082X03st053oa}
}

@Article{Lawless1987,
  Title                    = {Negative binomial and mixed {P}oisson regression},
  Author                   = {Lawless, Jerald F.},
  Journal                  = {Canadian Journal of Statistics},
  Year                     = {1987},
  Number                   = {3},
  Pages                    = {209--225},
  Volume                   = {15},

  Doi                      = {10.2307/3314912},
  ISSN                     = {1708-945X},
  Keywords                 = {Count data, efficiency, overdispersion, quasilikelihood, robustness},
  Publisher                = {Wiley-Blackwell},
  Url                      = {http://dx.doi.org/10.2307/3314912}
}

@Book{Littell2006,
  Title                    = {SAS\textsuperscript{\textregistered} for Mixed Models},
  Author                   = {Littell, Ramon C. and Milliken, George A. and Stroup, Walter W. and Wolfinger, Russell D. and Schabenberger, Oliver},
  Publisher                = {Cary, NC: SAS Institute Inc.},
  Year                     = {2006},
  Edition                  = {Second},

  Owner                    = {User},
  Timestamp                = {2017.07.30}
}

@Article{Long1990,
  Title                    = {The Origins of Sex Differences in Science},
  Author                   = {Long, J. Scott},
  Journal                  = {Social Forces},
  Year                     = {1990},
  Number                   = {4},
  Pages                    = {1297--1316},
  Volume                   = {68},

  Doi                      = {10.2307/2579146},
  ISSN                     = {00377732, 15347605},
  Publisher                = {Oxford University Press}
}

@Article{Long2001,
  Title                    = {Predicted probabilities for count models},
  Author                   = {Long, J. S. and Freese, J.},
  Journal                  = {Stata Journal},
  Year                     = {2001},
  Number                   = {1},
  Pages                    = {7--51},
  Volume                   = {1},

  Owner                    = {User},
  Timestamp                = {2017.06.17}
}

@Article{Mazucheli2017,
  Title                    = {A Comparative Study 1 Between Two Discrete Lindley Distributions},
  Author                   = {Mazucheli, J. and Oliveira, R. P. and Achcar, J. A.},
  Journal                  = {Ciencia \& Natura},
  Year                     = {2017},

  Owner                    = {User},
  Timestamp                = {2017.06.17}
}

@Book{McCulagh1983,
  Title                    = {Generalized Linear Models},
  Author                   = {McCulagh, P. and Nelder, J. A.},
  Editor                   = {London},
  Publisher                = {Chapman \& Hall},
  Year                     = {1983},
  Edition                  = {Second},

  Owner                    = {andrefelipe},
  Timestamp                = {2017.06.17}
}

@Book{McCulloch2001,
  Title                    = {Generalized, Linear, and Mixed Models},
  Author                   = {McCulloch, C. E. and Searle, S. R.},
  Editor                   = {New York},
  Publisher                = {John Wiley \& Sons, Inc},
  Year                     = {2001},

  Owner                    = {andrefelipe},
  Timestamp                = {2017.06.17}
}

@MastersThesis{Miyashiro2008,
  Title                    = {Modelos de regress{\~a}o Beta e Simplex para a an{\' a}lise de propor{\c c}{\~o}es},
  Author                   = {Miyashiro, E. S.},
  School                   = {Universidade de S{\~a}o Paulo - USP},
  Year                     = {2008},

  Owner                    = {User},
  Timestamp                = {2017.07.17}
}

@Article{Nelder1972,
  Title                    = {Generalized Linear Models},
  Author                   = {Nelder, J. A. and Wedderburn, R. W. M.},
  Journal                  = {Journal of the Royal Statistical Society. Series A (General)},
  Year                     = {1972},
  Number                   = {3},
  Pages                    = {370--384},
  Volume                   = {135},

  Doi                      = {10.2307/2344614},
  ISSN                     = {00359238},
  Publisher                = {[Royal Statistical Society, Wiley]}
}

@Book{Neter1996,
  Title                    = {Applied Linear Statistical Models},
  Author                   = {Neter, John and Kutner, Michael H. and Nachtsheim, Christopher J. and Wasserman, William},
  Publisher                = {Irwin Chicago},
  Year                     = {1996},
  Volume                   = {4}
}

@TechReport{Paula2013,
  Title                    = {Modelos de Regress{\~a}o com apoio computacional},
  Author                   = {Paula, G. A.},
  Institution              = {IME-USP},
  Year                     = {2013},

  Owner                    = {User},
  Timestamp                = {2017.06.18}
}

@Manual{Pinheiro2016,
  Title                    = {{nlme}: Linear and Nonlinear Mixed Effects Models},
  Author                   = {Jose Pinheiro and Douglas Bates and Saikat DebRoy and Deepayan Sarkar and {R Core Team}},
  Note                     = {R package version 3.1-128},
  Year                     = {2016},

  Url                      = {http://CRAN.R-project.org/package=nlme}
}

@PhdThesis{Pinheiro1994,
  Title                    = {Topics in Mixed Effects Models},
  Author                   = {Pinheiro, Jos{\1e}e Carlos},
  School                   = {University of Wisconsin -- Madison},
  Year                     = {1994},

  Owner                    = {User},
  Timestamp                = {2017.07.30}
}

@Book{Pinheiro2000,
  Title                    = {Mixed Effects Models in S and S-Plus},
  Author                   = {Pinheiro, J. C. and Bates, D. M.},
  Editor                   = {New York},
  Publisher                = {Springer},
  Year                     = {2000},

  Owner                    = {User},
  Timestamp                = {2017.07.30}
}

@Manual{RCT2016,
  Title                    = {R: A Language and Environment for Statistical Computing},

  Address                  = {Vienna, Austria},
  Author                   = {{R Core Team}},
  Note                     = {{ISBN} 3-900051-07-0},
  Organization             = {R Foundation for Statistical Computing},
  Year                     = {2016},

  Owner                    = {User},
  Timestamp                = {2017.08.03}
}

@Article{Ramsey1969,
  Title                    = {Tests for Specification Errors in Classical Linear Least-Squares Regression Analysis},
  Author                   = {J. B. Ramsey},
  Journal                  = {Journal of the Royal Statistical Society. Series B (Methodological)},
  Year                     = {1969},
  Number                   = {2},
  Pages                    = {350--371},
  Volume                   = {31},

  Doi                      = {10.2307/2984219},
  ISSN                     = {00359246},
  Publisher                = {[Royal Statistical Society, Wiley]}
}

@Book{SAS2010,
  Title                    = {The NLMIXED Procedure, SAS/STAT\textsuperscript{\textregistered} User's Guide, Version 9.22},
  Author                   = {SAS},
  Year                     = {2010},

  Address                  = {Cary, NC: SAS Institute Inc.},

  Pages                    = {4967--5062}
}

@Book{GENMOD,
  Title                    = {The GENMOD Procedure, SAS\textsuperscript{\textregistered}/STAT User's Guide, Version 9.3},
  Author                   = {{SAS Institute Inc.}},
  Year                     = {2011},

  Address                  = {Cary, NC: SAS Institute Inc.},
  Note                     = {{2605--2804}},

  Owner                    = {User},
  Pages                    = {4322--4412},
  Timestamp                = {2017.06.20}
}

@Book{MIXED,
  Title                    = {The MIXED Procedure, SAS\textsuperscript{\textregistered}/STAT User's Guide, Version 9.3},
  Author                   = {{SAS Institute Inc.}},
  Year                     = {2011},

  Address                  = {Cary, NC: SAS Institute Inc.},
  Note                     = {{2605--2804}},

  Owner                    = {User},
  Pages                    = {4718--4909},
  Timestamp                = {2017.06.20}
}

@Article{Silva2014,
  Title                    = {A SAS MACRO TO GENERATE NORMAL AND HALF-NORMAL PLOTS WITH SIMULATED ENVELOPE},
  Author                   = {Paulo Henrique Dourado da Silva},
  Journal                  = {Rev. Bras. Biom.},
  Year                     = {2014},
  Number                   = {3},
  Pages                    = {460-473},
  Volume                   = {32},

  Keywords                 = {Generalized linear model; diagnostics; normal plots; half-normal plots; SAS.},
  Owner                    = {User},
  Timestamp                = {2017.01.27}
}

@Book{Singer2017,
  Title                    = {An{\'a}lise de dados longitudinais},
  Author                   = {Singer, J. M. and Nobre, J. S. and Rocha, F. M. M.},
  Publisher                = {Departamento de Estat{\'i}stica -- Universidade de S{\~a}o Paulo},
  Year                     = {2017},

  Owner                    = {User},
  Timestamp                = {2017.07.30}
}

@Book{Verbeke2000,
  Title                    = {Linear Mixed Models for Longitudinal Data},
  Author                   = {Verbeke, G. and Molenberghs, G.},
  Editor                   = {New York},
  Publisher                = {Springer},
  Year                     = {2000},

  Owner                    = {User},
  Timestamp                = {2017.07.28}
}

@Book{Verbeke1997,
  Title                    = {Linear Mixed Models in Practice A SAS-Oriented Approach},
  Author                   = {Verbeke, G. and Molenberghs, G.},
  Editor                   = {New York},
  Publisher                = {Springer},
  Year                     = {1997},

  Owner                    = {User},
  Timestamp                = {2017.07.28}
}

@Article{Vuong1989,
  Title                    = {Likelihood Ratio Tests for Model Selection and Non-Nested Hypotheses},
  Author                   = {Quang H. Vuong},
  Journal                  = {Econometrica},
  Year                     = {1989},
  Number                   = {2},
  Pages                    = {307--333},
  Volume                   = {57},

  Abstract                 = {In this paper, we develop a classical approach to model selection. Using the Kullback-Leibler Information Criterion to measure the closeness of a model to the truth, we propose simple likelihood-ratio based statistics for testing the null hypothesis that the competing models are equally close to the true data generating process against the alternative hypothesis that one model is closer. The tests are directional and are derived successively for the cases where the competing models are non-nested, overlapping, or nested and whether both, one, or neither is misspecified. As a prerequisite, we fully characterize the asymptotic distribution of the likelihood ratio statistic under the most general conditions. We show that it is a weighted sum of chi-square distribution or a normal distribution depending on whether the distributions in the competing models closest to the truth are observationally identical. We also propose a test of this latter condition.},
  Doi                      = {10.2307/1912557},
  Publisher                = {[Wiley, Econometric Society]}
}

@Article{Wedderburn1974,
  Title                    = {Quasi-Likelihood Functions, Generalized Linear Models, and the Gauss-Newton Method},
  Author                   = {Wedderburn, R. W. M.},
  Journal                  = {Biometrika},
  Year                     = {1974},
  Number                   = {3},
  Pages                    = {439--447},
  Volume                   = {61},

  Doi                      = {10.2307/2334725},
  ISSN                     = {00063444},
  Publisher                = {[Oxford University Press, Biometrika Trust]}
}

@Book{Weisberg2005,
  Title                    = {Applied Linear Regression},
  Author                   = {Weisberg, Sanford},
  Publisher                = {John Wiley \& Sons},
  Year                     = {2005},
  Volume                   = {528}
}

